<?xml version="1.0" encoding="UTF-8"?>
<OAI-PMH xmlns="http://www.openarchives.org/OAI/2.0/" xmlns:xsi="http://www.w3.org/2001/XMLSchema-instance" xsi:schemaLocation="http://www.openarchives.org/OAI/2.0/ http://www.openarchives.org/OAI/2.0/OAI-PMH.xsd">
  <ListRecords>
    <record>
      <header>
        <identifier>aleph-publish:001422170</identifier>
      </header>
      <metadata>
        <record xmlns="http://www.ddb.de/professionell/mabxml/mabxml-1.xsd">
          <leader>00821pM2.01200024------h</leader>
          <controlfield tag="LDR">00821pM2.01200024------h</controlfield>
          <controlfield tag="FMT">MH</controlfield>
          <datafield tag="001" ind1="-" ind2="1">
            <subfield code="a">HT016940794</subfield>
          </datafield>
          <datafield tag="002" ind1="b" ind2="1">
            <subfield code="a">20110825</subfield>
          </datafield>
          <datafield tag="003" ind1="-" ind2="1">
            <subfield code="a">20111111</subfield>
          </datafield>
          <datafield tag="020" ind1="a" ind2="1">
            <subfield code="a">1010117424</subfield>
            <subfield code="b">DNB</subfield>
          </datafield>
          <datafield tag="025" ind1="a" ind2="1">
            <subfield code="a">1010117424</subfield>
          </datafield>
          <datafield tag="026" ind1="-" ind2="1">
            <subfield code="a">DNB1010117424</subfield>
          </datafield>
          <controlfield tag="030">a|1daz|z|||17</controlfield>
          <datafield tag="036" ind1="a" ind2="1">
            <subfield code="a">XA-DE-BW</subfield>
          </datafield>
          <datafield tag="037" ind1="b" ind2="1">
            <subfield code="a">ger</subfield>
          </datafield>
          <controlfield tag="050">a|a|||||||||||</controlfield>
          <controlfield tag="051">s|||z|||</controlfield>
          <datafield tag="070" ind1="-" ind2="1">
            <subfield code="a">38</subfield>
          </datafield>
          <datafield tag="070" ind1="a" ind2="1">
            <subfield code="a">DNB</subfield>
          </datafield>
          <datafield tag="070" ind1="b" ind2="1">
            <subfield code="a">5/142</subfield>
          </datafield>
          <datafield tag="080" ind1="-" ind2="1">
            <subfield code="a">60</subfield>
          </datafield>
          <datafield tag="100" ind1="-" ind2="1">
            <subfield code="p">Heinemann, Andreas</subfield>
            <subfield code="d">1962-</subfield>
            <subfield code="9">(DE-588)111708664</subfield>
          </datafield>
          <datafield tag="331" ind1="-" ind2="1">
            <subfield code="a">'Ökonomischer Patriotismus' in Zeiten regionaler und internationaler Integration</subfield>
          </datafield>
          <datafield tag="335" ind1="-" ind2="1">
            <subfield code="a">Zur Problematik staatlicher Aufsicht über grenzüberschreitende Unternehmensübernahmen</subfield>
          </datafield>
          <datafield tag="359" ind1="-" ind2="1">
            <subfield code="a">Andreas Heinemann</subfield>
          </datafield>
          <datafield tag="410" ind1="-" ind2="1">
            <subfield code="a">Tübingen</subfield>
          </datafield>
          <datafield tag="412" ind1="-" ind2="1">
            <subfield code="a">Mohr Siebeck</subfield>
          </datafield>
          <datafield tag="425" ind1="-" ind2="1">
            <subfield code="a">2011</subfield>
          </datafield>
          <datafield tag="425" ind1="a" ind2="1">
            <subfield code="a">2011</subfield>
          </datafield>
          <datafield tag="433" ind1="-" ind2="1">
            <subfield code="a">122 S.</subfield>
          </datafield>
          <datafield tag="451" ind1="-" ind2="1">
            <subfield code="a">Beiträge zur Ordnungstheorie und Ordnungspolitik ; 175</subfield>
          </datafield>
          <datafield tag="453" ind1="-" ind2="1">
            <subfield code="a">HT008021669</subfield>
          </datafield>
          <datafield tag="455" ind1="-" ind2="1">
            <subfield code="a">175</subfield>
          </datafield>
          <datafield tag="456" ind1="-" ind2="1">
            <subfield code="a">175</subfield>
          </datafield>
          <datafield tag="540" ind1="a" ind2="1">
            <subfield code="a">978-3-16-150786-1</subfield>
            <subfield code="b">Pappe. : ca. EUR 35.00 (DE)</subfield>
          </datafield>
          <datafield tag="553" ind1="a" ind2="1">
            <subfield code="a">9783161507861</subfield>
          </datafield>
          <datafield tag="574" ind1="-" ind2="1">
            <subfield code="a">11,N08</subfield>
          </datafield>
          <datafield tag="655" ind1="e" ind2="1">
            <subfield code="m">X:MVB</subfield>
            <subfield code="q">text/html</subfield>
            <subfield code="u">http://deposit.d-nb.de/cgi-bin/dokserv?id=3672282&amp;prov=M&amp;dok_var=1&amp;dok_ext=htm</subfield>
            <subfield code="3">Inhaltstext</subfield>
            <subfield code="A">2</subfield>
          </datafield>
          <datafield tag="655" ind1="e" ind2="1">
            <subfield code="m">B:DE-101</subfield>
            <subfield code="q">application/pdf</subfield>
            <subfield code="u">http://digitool.hbz-nrw.de:1801/webclient/DeliveryManager?pid=4277043&amp;custom_att_2=simple_viewer</subfield>
            <subfield code="3">Inhaltsverzeichnis</subfield>
            <subfield code="A">2</subfield>
          </datafield>
          <datafield tag="700" ind1="-" ind2="1">
            <subfield code="a">330</subfield>
          </datafield>
          <datafield tag="700" ind1="g" ind2="1">
            <subfield code="a">QM 350</subfield>
          </datafield>
          <datafield tag="700" ind1="g" ind2="1">
            <subfield code="a">QP 450</subfield>
          </datafield>
          <datafield tag="902" ind1="-" ind2="1">
            <subfield code="k">Europäische Union</subfield>
            <subfield code="9">(DE-588)5098525-5</subfield>
          </datafield>
          <datafield tag="902" ind1="-" ind2="1">
            <subfield code="s">Unternehmenskauf</subfield>
            <subfield code="9">(DE-588)4078600-6</subfield>
          </datafield>
          <datafield tag="902" ind1="-" ind2="1">
            <subfield code="s">Auslandsinvestition</subfield>
            <subfield code="9">(DE-588)4003772-1</subfield>
          </datafield>
          <datafield tag="902" ind1="-" ind2="1">
            <subfield code="s">Investitionskontrolle</subfield>
            <subfield code="9">(DE-588)4162250-9</subfield>
          </datafield>
          <datafield tag="902" ind1="-" ind2="1">
            <subfield code="s">Staatsaufsicht</subfield>
            <subfield code="9">(DE-588)4056636-5</subfield>
          </datafield>
          <controlfield tag="SYS">001422170</controlfield>
          <datafield tag="PSW" ind1="-" ind2="1">
            <subfield code="k">Eurōpaïke Enōsē</subfield>
            <subfield code="9">(DE-588)5098525-5</subfield>
          </datafield>
          <datafield tag="PSW" ind1="-" ind2="1">
            <subfield code="k">Union européenne</subfield>
            <subfield code="9">(DE-588)5098525-5</subfield>
          </datafield>
          <datafield tag="PSW" ind1="-" ind2="1">
            <subfield code="k">European Union</subfield>
            <subfield code="9">(DE-588)5098525-5</subfield>
          </datafield>
          <datafield tag="PSW" ind1="-" ind2="1">
            <subfield code="k">Unión Europea</subfield>
            <subfield code="9">(DE-588)5098525-5</subfield>
          </datafield>
          <datafield tag="PSW" ind1="-" ind2="1">
            <subfield code="k">Europaeiske Union</subfield>
            <subfield code="9">(DE-588)5098525-5</subfield>
          </datafield>
          <datafield tag="PSW" ind1="-" ind2="1">
            <subfield code="k">Union Europea</subfield>
            <subfield code="9">(DE-588)5098525-5</subfield>
          </datafield>
          <datafield tag="PSW" ind1="-" ind2="1">
            <subfield code="k">Unione Europea</subfield>
            <subfield code="9">(DE-588)5098525-5</subfield>
          </datafield>
          <datafield tag="PSW" ind1="-" ind2="1">
            <subfield code="k">Europese Unie</subfield>
            <subfield code="9">(DE-588)5098525-5</subfield>
          </datafield>
          <datafield tag="PSW" ind1="-" ind2="1">
            <subfield code="k">União Europeia</subfield>
            <subfield code="9">(DE-588)5098525-5</subfield>
          </datafield>
          <datafield tag="PSW" ind1="-" ind2="1">
            <subfield code="k">Aontas Eorpach</subfield>
            <subfield code="9">(DE-588)5098525-5</subfield>
          </datafield>
          <datafield tag="PSW" ind1="-" ind2="1">
            <subfield code="k">Europska Unija</subfield>
            <subfield code="9">(DE-588)5098525-5</subfield>
          </datafield>
          <datafield tag="PSW" ind1="-" ind2="1">
            <subfield code="k">Unia Europejska</subfield>
            <subfield code="9">(DE-588)5098525-5</subfield>
          </datafield>
          <datafield tag="PSW" ind1="-" ind2="1">
            <subfield code="k">Europos Sa̜junga</subfield>
            <subfield code="9">(DE-588)5098525-5</subfield>
          </datafield>
          <datafield tag="PSW" ind1="-" ind2="1">
            <subfield code="k">ES</subfield>
            <subfield code="9">(DE-588)5098525-5</subfield>
          </datafield>
          <datafield tag="PSW" ind1="-" ind2="1">
            <subfield code="k">Eiropas Savienība</subfield>
            <subfield code="9">(DE-588)5098525-5</subfield>
          </datafield>
          <datafield tag="PSW" ind1="-" ind2="1">
            <subfield code="k">Unió Europea</subfield>
            <subfield code="9">(DE-588)5098525-5</subfield>
          </datafield>
          <datafield tag="PSW" ind1="-" ind2="1">
            <subfield code="k">Evropská Unie</subfield>
            <subfield code="9">(DE-588)5098525-5</subfield>
          </datafield>
          <datafield tag="PSW" ind1="-" ind2="1">
            <subfield code="k">Avrupa Birliği</subfield>
            <subfield code="9">(DE-588)5098525-5</subfield>
          </datafield>
          <datafield tag="PSW" ind1="-" ind2="1">
            <subfield code="k">Evropejskoe Soobščestvo</subfield>
            <subfield code="9">(DE-588)5098525-5</subfield>
          </datafield>
          <datafield tag="PSW" ind1="-" ind2="1">
            <subfield code="k">Európai Unió</subfield>
            <subfield code="9">(DE-588)5098525-5</subfield>
          </datafield>
          <datafield tag="PSW" ind1="-" ind2="1">
            <subfield code="k">Uniunea Europeană</subfield>
            <subfield code="9">(DE-588)5098525-5</subfield>
          </datafield>
          <datafield tag="PSW" ind1="-" ind2="1">
            <subfield code="k">EU</subfield>
            <subfield code="9">(DE-588)5098525-5</subfield>
          </datafield>
          <datafield tag="PSW" ind1="-" ind2="1">
            <subfield code="k">EM</subfield>
            <subfield code="9">(DE-588)5098525-5</subfield>
          </datafield>
          <datafield tag="PSW" ind1="-" ind2="1">
            <subfield code="k">Eurōpaïke Enōsē</subfield>
            <subfield code="9">(DE-588)5098525-5</subfield>
          </datafield>
          <datafield tag="PSW" ind1="-" ind2="1">
            <subfield code="k">Union européenne</subfield>
            <subfield code="9">(DE-588)5098525-5</subfield>
          </datafield>
          <datafield tag="PSW" ind1="-" ind2="1">
            <subfield code="k">European Union</subfield>
            <subfield code="9">(DE-588)5098525-5</subfield>
          </datafield>
          <datafield tag="PSW" ind1="-" ind2="1">
            <subfield code="k">Unión Europea</subfield>
            <subfield code="9">(DE-588)5098525-5</subfield>
          </datafield>
          <datafield tag="PSW" ind1="-" ind2="1">
            <subfield code="k">Europaeiske Union</subfield>
            <subfield code="9">(DE-588)5098525-5</subfield>
          </datafield>
          <datafield tag="PSW" ind1="-" ind2="1">
            <subfield code="k">Union Europea</subfield>
            <subfield code="9">(DE-588)5098525-5</subfield>
          </datafield>
          <datafield tag="PSW" ind1="-" ind2="1">
            <subfield code="k">Unione Europea</subfield>
            <subfield code="9">(DE-588)5098525-5</subfield>
          </datafield>
          <datafield tag="PSW" ind1="-" ind2="1">
            <subfield code="k">Europese Unie</subfield>
            <subfield code="9">(DE-588)5098525-5</subfield>
          </datafield>
          <datafield tag="PSW" ind1="-" ind2="1">
            <subfield code="k">União Europeia</subfield>
            <subfield code="9">(DE-588)5098525-5</subfield>
          </datafield>
          <datafield tag="PSW" ind1="-" ind2="1">
            <subfield code="k">Aontas Eorpach</subfield>
            <subfield code="9">(DE-588)5098525-5</subfield>
          </datafield>
          <datafield tag="PSW" ind1="-" ind2="1">
            <subfield code="k">Europska Unija</subfield>
            <subfield code="9">(DE-588)5098525-5</subfield>
          </datafield>
          <datafield tag="PSW" ind1="-" ind2="1">
            <subfield code="k">Unia Europejska</subfield>
            <subfield code="9">(DE-588)5098525-5</subfield>
          </datafield>
          <datafield tag="PSW" ind1="-" ind2="1">
            <subfield code="k">Europos Sa̜junga</subfield>
            <subfield code="9">(DE-588)5098525-5</subfield>
          </datafield>
          <datafield tag="PSW" ind1="-" ind2="1">
            <subfield code="k">ES</subfield>
            <subfield code="9">(DE-588)5098525-5</subfield>
          </datafield>
          <datafield tag="PSW" ind1="-" ind2="1">
            <subfield code="k">Eiropas Savienība</subfield>
            <subfield code="9">(DE-588)5098525-5</subfield>
          </datafield>
          <datafield tag="PSW" ind1="-" ind2="1">
            <subfield code="k">Unió Europea</subfield>
            <subfield code="9">(DE-588)5098525-5</subfield>
          </datafield>
          <datafield tag="PSW" ind1="-" ind2="1">
            <subfield code="k">Evropská Unie</subfield>
            <subfield code="9">(DE-588)5098525-5</subfield>
          </datafield>
          <datafield tag="PSW" ind1="-" ind2="1">
            <subfield code="k">Avrupa Birliği</subfield>
            <subfield code="9">(DE-588)5098525-5</subfield>
          </datafield>
          <datafield tag="PSW" ind1="-" ind2="1">
            <subfield code="k">Evropejskoe Soobščestvo</subfield>
            <subfield code="9">(DE-588)5098525-5</subfield>
          </datafield>
          <datafield tag="PSW" ind1="-" ind2="1">
            <subfield code="k">Európai Unió</subfield>
            <subfield code="9">(DE-588)5098525-5</subfield>
          </datafield>
          <datafield tag="PSW" ind1="-" ind2="1">
            <subfield code="k">Uniunea Europeană</subfield>
            <subfield code="9">(DE-588)5098525-5</subfield>
          </datafield>
          <datafield tag="PSW" ind1="-" ind2="1">
            <subfield code="k">EU</subfield>
            <subfield code="9">(DE-588)5098525-5</subfield>
          </datafield>
          <datafield tag="PSW" ind1="-" ind2="1">
            <subfield code="k">EM</subfield>
            <subfield code="9">(DE-588)5098525-5</subfield>
          </datafield>
          <datafield tag="PSW" ind1="-" ind2="1">
            <subfield code="k">Eurōpaïke Enōsē</subfield>
            <subfield code="9">(DE-588)5098525-5</subfield>
          </datafield>
          <datafield tag="PSW" ind1="-" ind2="1">
            <subfield code="k">Union européenne</subfield>
            <subfield code="9">(DE-588)5098525-5</subfield>
          </datafield>
          <datafield tag="PSW" ind1="-" ind2="1">
            <subfield code="k">European Union</subfield>
            <subfield code="9">(DE-588)5098525-5</subfield>
          </datafield>
          <datafield tag="PSW" ind1="-" ind2="1">
            <subfield code="k">Unión Europea</subfield>
            <subfield code="9">(DE-588)5098525-5</subfield>
          </datafield>
          <datafield tag="PSW" ind1="-" ind2="1">
            <subfield code="k">Europaeiske Union</subfield>
            <subfield code="9">(DE-588)5098525-5</subfield>
          </datafield>
          <datafield tag="PSW" ind1="-" ind2="1">
            <subfield code="k">Union Europea</subfield>
            <subfield code="9">(DE-588)5098525-5</subfield>
          </datafield>
          <datafield tag="PSW" ind1="-" ind2="1">
            <subfield code="k">Unione Europea</subfield>
            <subfield code="9">(DE-588)5098525-5</subfield>
          </datafield>
          <datafield tag="PSW" ind1="-" ind2="1">
            <subfield code="k">Europese Unie</subfield>
            <subfield code="9">(DE-588)5098525-5</subfield>
          </datafield>
          <datafield tag="PSW" ind1="-" ind2="1">
            <subfield code="k">União Europeia</subfield>
            <subfield code="9">(DE-588)5098525-5</subfield>
          </datafield>
          <datafield tag="PSW" ind1="-" ind2="1">
            <subfield code="k">Aontas Eorpach</subfield>
            <subfield code="9">(DE-588)5098525-5</subfield>
          </datafield>
          <datafield tag="PSW" ind1="-" ind2="1">
            <subfield code="k">Europska Unija</subfield>
            <subfield code="9">(DE-588)5098525-5</subfield>
          </datafield>
          <datafield tag="PSW" ind1="-" ind2="1">
            <subfield code="k">Unia Europejska</subfield>
            <subfield code="9">(DE-588)5098525-5</subfield>
          </datafield>
          <datafield tag="PSW" ind1="-" ind2="1">
            <subfield code="k">Europos Sa̜junga</subfield>
            <subfield code="9">(DE-588)5098525-5</subfield>
          </datafield>
          <datafield tag="PSW" ind1="-" ind2="1">
            <subfield code="k">ES</subfield>
            <subfield code="9">(DE-588)5098525-5</subfield>
          </datafield>
          <datafield tag="PSW" ind1="-" ind2="1">
            <subfield code="k">Eiropas Savienība</subfield>
            <subfield code="9">(DE-588)5098525-5</subfield>
          </datafield>
          <datafield tag="PSW" ind1="-" ind2="1">
            <subfield code="k">Unió Europea</subfield>
            <subfield code="9">(DE-588)5098525-5</subfield>
          </datafield>
          <datafield tag="PSW" ind1="-" ind2="1">
            <subfield code="k">Evropská Unie</subfield>
            <subfield code="9">(DE-588)5098525-5</subfield>
          </datafield>
          <datafield tag="PSW" ind1="-" ind2="1">
            <subfield code="k">Avrupa Birliği</subfield>
            <subfield code="9">(DE-588)5098525-5</subfield>
          </datafield>
          <datafield tag="PSW" ind1="-" ind2="1">
            <subfield code="k">Evropejskoe Soobščestvo</subfield>
            <subfield code="9">(DE-588)5098525-5</subfield>
          </datafield>
          <datafield tag="PSW" ind1="-" ind2="1">
            <subfield code="k">Európai Unió</subfield>
            <subfield code="9">(DE-588)5098525-5</subfield>
          </datafield>
          <datafield tag="PSW" ind1="-" ind2="1">
            <subfield code="k">Uniunea Europeană</subfield>
            <subfield code="9">(DE-588)5098525-5</subfield>
          </datafield>
          <datafield tag="PSW" ind1="-" ind2="1">
            <subfield code="k">EU</subfield>
            <subfield code="9">(DE-588)5098525-5</subfield>
          </datafield>
          <datafield tag="PSW" ind1="-" ind2="1">
            <subfield code="k">EM</subfield>
            <subfield code="9">(DE-588)5098525-5</subfield>
          </datafield>
          <datafield tag="PSW" ind1="-" ind2="1">
            <subfield code="k">Eurōpaïke Enōsē</subfield>
            <subfield code="9">(DE-588)5098525-5</subfield>
          </datafield>
          <datafield tag="PSW" ind1="-" ind2="1">
            <subfield code="k">Union européenne</subfield>
            <subfield code="9">(DE-588)5098525-5</subfield>
          </datafield>
          <datafield tag="PSW" ind1="-" ind2="1">
            <subfield code="k">European Union</subfield>
            <subfield code="9">(DE-588)5098525-5</subfield>
          </datafield>
          <datafield tag="PSW" ind1="-" ind2="1">
            <subfield code="k">Unión Europea</subfield>
            <subfield code="9">(DE-588)5098525-5</subfield>
          </datafield>
          <datafield tag="PSW" ind1="-" ind2="1">
            <subfield code="k">Europaeiske Union</subfield>
            <subfield code="9">(DE-588)5098525-5</subfield>
          </datafield>
          <datafield tag="PSW" ind1="-" ind2="1">
            <subfield code="k">Union Europea</subfield>
            <subfield code="9">(DE-588)5098525-5</subfield>
          </datafield>
          <datafield tag="PSW" ind1="-" ind2="1">
            <subfield code="k">Unione Europea</subfield>
            <subfield code="9">(DE-588)5098525-5</subfield>
          </datafield>
          <datafield tag="PSW" ind1="-" ind2="1">
            <subfield code="k">Europese Unie</subfield>
            <subfield code="9">(DE-588)5098525-5</subfield>
          </datafield>
          <datafield tag="PSW" ind1="-" ind2="1">
            <subfield code="k">União Europeia</subfield>
            <subfield code="9">(DE-588)5098525-5</subfield>
          </datafield>
          <datafield tag="PSW" ind1="-" ind2="1">
            <subfield code="k">Aontas Eorpach</subfield>
            <subfield code="9">(DE-588)5098525-5</subfield>
          </datafield>
          <datafield tag="PSW" ind1="-" ind2="1">
            <subfield code="k">Europska Unija</subfield>
            <subfield code="9">(DE-588)5098525-5</subfield>
          </datafield>
          <datafield tag="PSW" ind1="-" ind2="1">
            <subfield code="k">Unia Europejska</subfield>
            <subfield code="9">(DE-588)5098525-5</subfield>
          </datafield>
          <datafield tag="PSW" ind1="-" ind2="1">
            <subfield code="k">Europos Sa̜junga</subfield>
            <subfield code="9">(DE-588)5098525-5</subfield>
          </datafield>
          <datafield tag="PSW" ind1="-" ind2="1">
            <subfield code="k">ES</subfield>
            <subfield code="9">(DE-588)5098525-5</subfield>
          </datafield>
          <datafield tag="PSW" ind1="-" ind2="1">
            <subfield code="k">Eiropas Savienība</subfield>
            <subfield code="9">(DE-588)5098525-5</subfield>
          </datafield>
          <datafield tag="PSW" ind1="-" ind2="1">
            <subfield code="k">Unió Europea</subfield>
            <subfield code="9">(DE-588)5098525-5</subfield>
          </datafield>
          <datafield tag="PSW" ind1="-" ind2="1">
            <subfield code="k">Evropská Unie</subfield>
            <subfield code="9">(DE-588)5098525-5</subfield>
          </datafield>
          <datafield tag="PSW" ind1="-" ind2="1">
            <subfield code="k">Avrupa Birliği</subfield>
            <subfield code="9">(DE-588)5098525-5</subfield>
          </datafield>
          <datafield tag="PSW" ind1="-" ind2="1">
            <subfield code="k">Evropejskoe Soobščestvo</subfield>
            <subfield code="9">(DE-588)5098525-5</subfield>
          </datafield>
          <datafield tag="PSW" ind1="-" ind2="1">
            <subfield code="k">Európai Unió</subfield>
            <subfield code="9">(DE-588)5098525-5</subfield>
          </datafield>
          <datafield tag="PSW" ind1="-" ind2="1">
            <subfield code="k">Uniunea Europeană</subfield>
            <subfield code="9">(DE-588)5098525-5</subfield>
          </datafield>
          <datafield tag="PSW" ind1="-" ind2="1">
            <subfield code="k">EU</subfield>
            <subfield code="9">(DE-588)5098525-5</subfield>
          </datafield>
          <datafield tag="PSW" ind1="-" ind2="1">
            <subfield code="k">EM</subfield>
            <subfield code="9">(DE-588)5098525-5</subfield>
          </datafield>
          <datafield tag="PSW" ind1="-" ind2="1">
            <subfield code="s">Betrieb</subfield>
            <subfield code="x">Kauf</subfield>
            <subfield code="9">(DE-588)4078600-6</subfield>
          </datafield>
          <datafield tag="PSW" ind1="-" ind2="1">
            <subfield code="s">Unternehmen</subfield>
            <subfield code="x">Kauf</subfield>
            <subfield code="9">(DE-588)4078600-6</subfield>
          </datafield>
          <datafield tag="PSW" ind1="-" ind2="1">
            <subfield code="s">Unternehmensakquisition</subfield>
            <subfield code="9">(DE-588)4078600-6</subfield>
          </datafield>
          <datafield tag="PSW" ind1="-" ind2="1">
            <subfield code="s">Akquisition</subfield>
            <subfield code="x">Unternehmen</subfield>
            <subfield code="9">(DE-588)4078600-6</subfield>
          </datafield>
          <datafield tag="PSW" ind1="-" ind2="1">
            <subfield code="s">Unternehmensübernahme</subfield>
            <subfield code="9">(DE-588)4078600-6</subfield>
          </datafield>
          <datafield tag="PSW" ind1="-" ind2="1">
            <subfield code="s">Unternehmen</subfield>
            <subfield code="x">Übernahme</subfield>
            <subfield code="9">(DE-588)4078600-6</subfield>
          </datafield>
          <datafield tag="PSW" ind1="-" ind2="1">
            <subfield code="s">Buy out</subfield>
            <subfield code="9">(DE-588)4078600-6</subfield>
          </datafield>
          <datafield tag="PSW" ind1="-" ind2="1">
            <subfield code="s">Buy-out</subfield>
            <subfield code="9">(DE-588)4078600-6</subfield>
          </datafield>
          <datafield tag="PSW" ind1="-" ind2="1">
            <subfield code="s">Buyout</subfield>
            <subfield code="9">(DE-588)4078600-6</subfield>
          </datafield>
          <datafield tag="PSW" ind1="-" ind2="1">
            <subfield code="s">Corporate buyout</subfield>
            <subfield code="9">(DE-588)4078600-6</subfield>
          </datafield>
          <datafield tag="PSW" ind1="-" ind2="1">
            <subfield code="s">Betrieb</subfield>
            <subfield code="x">Kauf</subfield>
            <subfield code="9">(DE-588)4078600-6</subfield>
          </datafield>
          <datafield tag="PSW" ind1="-" ind2="1">
            <subfield code="s">Unternehmen</subfield>
            <subfield code="x">Kauf</subfield>
            <subfield code="9">(DE-588)4078600-6</subfield>
          </datafield>
          <datafield tag="PSW" ind1="-" ind2="1">
            <subfield code="s">Unternehmensakquisition</subfield>
            <subfield code="9">(DE-588)4078600-6</subfield>
          </datafield>
          <datafield tag="PSW" ind1="-" ind2="1">
            <subfield code="s">Akquisition</subfield>
            <subfield code="x">Unternehmen</subfield>
            <subfield code="9">(DE-588)4078600-6</subfield>
          </datafield>
          <datafield tag="PSW" ind1="-" ind2="1">
            <subfield code="s">Unternehmensübernahme</subfield>
            <subfield code="9">(DE-588)4078600-6</subfield>
          </datafield>
          <datafield tag="PSW" ind1="-" ind2="1">
            <subfield code="s">Unternehmen</subfield>
            <subfield code="x">Übernahme</subfield>
            <subfield code="9">(DE-588)4078600-6</subfield>
          </datafield>
          <datafield tag="PSW" ind1="-" ind2="1">
            <subfield code="s">Buy out</subfield>
            <subfield code="9">(DE-588)4078600-6</subfield>
          </datafield>
          <datafield tag="PSW" ind1="-" ind2="1">
            <subfield code="s">Buy-out</subfield>
            <subfield code="9">(DE-588)4078600-6</subfield>
          </datafield>
          <datafield tag="PSW" ind1="-" ind2="1">
            <subfield code="s">Buyout</subfield>
            <subfield code="9">(DE-588)4078600-6</subfield>
          </datafield>
          <datafield tag="PSW" ind1="-" ind2="1">
            <subfield code="s">Corporate buyout</subfield>
            <subfield code="9">(DE-588)4078600-6</subfield>
          </datafield>
          <datafield tag="PSW" ind1="-" ind2="1">
            <subfield code="s">Ausländische Investition</subfield>
            <subfield code="9">(DE-588)4003772-1</subfield>
          </datafield>
          <datafield tag="PSW" ind1="-" ind2="1">
            <subfield code="s">Ausländer</subfield>
            <subfield code="x">Investition</subfield>
            <subfield code="9">(DE-588)4003772-1</subfield>
          </datafield>
          <datafield tag="PSW" ind1="-" ind2="1">
            <subfield code="s">Investition</subfield>
            <subfield code="x">Ausland</subfield>
            <subfield code="9">(DE-588)4003772-1</subfield>
          </datafield>
          <datafield tag="PSW" ind1="-" ind2="1">
            <subfield code="s">Ausländische Investition</subfield>
            <subfield code="9">(DE-588)4003772-1</subfield>
          </datafield>
          <datafield tag="PSW" ind1="-" ind2="1">
            <subfield code="s">Ausländer</subfield>
            <subfield code="x">Investition</subfield>
            <subfield code="9">(DE-588)4003772-1</subfield>
          </datafield>
          <datafield tag="PSW" ind1="-" ind2="1">
            <subfield code="s">Investition</subfield>
            <subfield code="x">Ausland</subfield>
            <subfield code="9">(DE-588)4003772-1</subfield>
          </datafield>
          <datafield tag="PSW" ind1="-" ind2="1">
            <subfield code="s">Staatliche Aufsicht</subfield>
            <subfield code="9">(DE-588)4056636-5</subfield>
          </datafield>
          <datafield tag="PSW" ind1="-" ind2="1">
            <subfield code="s">Staatliche Kontrolle</subfield>
            <subfield code="h">Staatsaufsicht</subfield>
            <subfield code="9">(DE-588)4056636-5</subfield>
          </datafield>
          <datafield tag="PSW" ind1="-" ind2="1">
            <subfield code="s">Staatliche Aufsicht</subfield>
            <subfield code="9">(DE-588)4056636-5</subfield>
          </datafield>
          <datafield tag="PSW" ind1="-" ind2="1">
            <subfield code="s">Staatliche Kontrolle</subfield>
            <subfield code="h">Staatsaufsicht</subfield>
            <subfield code="9">(DE-588)4056636-5</subfield>
          </datafield>
          <datafield tag="PSW" ind1="-" ind2="1">
            <subfield code="k">Eurōpaïke Enōsē</subfield>
            <subfield code="9">(DE-588)5098525-5</subfield>
          </datafield>
          <datafield tag="PSW" ind1="-" ind2="1">
            <subfield code="k">Union européenne</subfield>
            <subfield code="9">(DE-588)5098525-5</subfield>
          </datafield>
          <datafield tag="PSW" ind1="-" ind2="1">
            <subfield code="k">European Union</subfield>
            <subfield code="9">(DE-588)5098525-5</subfield>
          </datafield>
          <datafield tag="PSW" ind1="-" ind2="1">
            <subfield code="k">Unión Europea</subfield>
            <subfield code="9">(DE-588)5098525-5</subfield>
          </datafield>
          <datafield tag="PSW" ind1="-" ind2="1">
            <subfield code="k">Europaeiske Union</subfield>
            <subfield code="9">(DE-588)5098525-5</subfield>
          </datafield>
          <datafield tag="PSW" ind1="-" ind2="1">
            <subfield code="k">Union Europea</subfield>
            <subfield code="9">(DE-588)5098525-5</subfield>
          </datafield>
          <datafield tag="PSW" ind1="-" ind2="1">
            <subfield code="k">Unione Europea</subfield>
            <subfield code="9">(DE-588)5098525-5</subfield>
          </datafield>
          <datafield tag="PSW" ind1="-" ind2="1">
            <subfield code="k">Europese Unie</subfield>
            <subfield code="9">(DE-588)5098525-5</subfield>
          </datafield>
          <datafield tag="PSW" ind1="-" ind2="1">
            <subfield code="k">União Europeia</subfield>
            <subfield code="9">(DE-588)5098525-5</subfield>
          </datafield>
          <datafield tag="PSW" ind1="-" ind2="1">
            <subfield code="k">Aontas Eorpach</subfield>
            <subfield code="9">(DE-588)5098525-5</subfield>
          </datafield>
          <datafield tag="PSW" ind1="-" ind2="1">
            <subfield code="k">Europska Unija</subfield>
            <subfield code="9">(DE-588)5098525-5</subfield>
          </datafield>
          <datafield tag="PSW" ind1="-" ind2="1">
            <subfield code="k">Unia Europejska</subfield>
            <subfield code="9">(DE-588)5098525-5</subfield>
          </datafield>
          <datafield tag="PSW" ind1="-" ind2="1">
            <subfield code="k">Europos Sa̜junga</subfield>
            <subfield code="9">(DE-588)5098525-5</subfield>
          </datafield>
          <datafield tag="PSW" ind1="-" ind2="1">
            <subfield code="k">ES</subfield>
            <subfield code="9">(DE-588)5098525-5</subfield>
          </datafield>
          <datafield tag="PSW" ind1="-" ind2="1">
            <subfield code="k">Eiropas Savienība</subfield>
            <subfield code="9">(DE-588)5098525-5</subfield>
          </datafield>
          <datafield tag="PSW" ind1="-" ind2="1">
            <subfield code="k">Unió Europea</subfield>
            <subfield code="9">(DE-588)5098525-5</subfield>
          </datafield>
          <datafield tag="PSW" ind1="-" ind2="1">
            <subfield code="k">Evropská Unie</subfield>
            <subfield code="9">(DE-588)5098525-5</subfield>
          </datafield>
          <datafield tag="PSW" ind1="-" ind2="1">
            <subfield code="k">Avrupa Birliği</subfield>
            <subfield code="9">(DE-588)5098525-5</subfield>
          </datafield>
          <datafield tag="PSW" ind1="-" ind2="1">
            <subfield code="k">Evropejskoe Soobščestvo</subfield>
            <subfield code="9">(DE-588)5098525-5</subfield>
          </datafield>
          <datafield tag="PSW" ind1="-" ind2="1">
            <subfield code="k">Európai Unió</subfield>
            <subfield code="9">(DE-588)5098525-5</subfield>
          </datafield>
          <datafield tag="PSW" ind1="-" ind2="1">
            <subfield code="k">Uniunea Europeană</subfield>
            <subfield code="9">(DE-588)5098525-5</subfield>
          </datafield>
          <datafield tag="PSW" ind1="-" ind2="1">
            <subfield code="k">EU</subfield>
            <subfield code="9">(DE-588)5098525-5</subfield>
          </datafield>
          <datafield tag="PSW" ind1="-" ind2="1">
            <subfield code="k">EM</subfield>
            <subfield code="9">(DE-588)5098525-5</subfield>
          </datafield>
          <datafield tag="PSW" ind1="-" ind2="1">
            <subfield code="s">Betrieb</subfield>
            <subfield code="x">Kauf</subfield>
            <subfield code="9">(DE-588)4078600-6</subfield>
          </datafield>
          <datafield tag="PSW" ind1="-" ind2="1">
            <subfield code="s">Unternehmen</subfield>
            <subfield code="x">Kauf</subfield>
            <subfield code="9">(DE-588)4078600-6</subfield>
          </datafield>
          <datafield tag="PSW" ind1="-" ind2="1">
            <subfield code="s">Unternehmensakquisition</subfield>
            <subfield code="9">(DE-588)4078600-6</subfield>
          </datafield>
          <datafield tag="PSW" ind1="-" ind2="1">
            <subfield code="s">Akquisition</subfield>
            <subfield code="x">Unternehmen</subfield>
            <subfield code="9">(DE-588)4078600-6</subfield>
          </datafield>
          <datafield tag="PSW" ind1="-" ind2="1">
            <subfield code="s">Unternehmensübernahme</subfield>
            <subfield code="9">(DE-588)4078600-6</subfield>
          </datafield>
          <datafield tag="PSW" ind1="-" ind2="1">
            <subfield code="s">Unternehmen</subfield>
            <subfield code="x">Übernahme</subfield>
            <subfield code="9">(DE-588)4078600-6</subfield>
          </datafield>
          <datafield tag="PSW" ind1="-" ind2="1">
            <subfield code="s">Buy out</subfield>
            <subfield code="9">(DE-588)4078600-6</subfield>
          </datafield>
          <datafield tag="PSW" ind1="-" ind2="1">
            <subfield code="s">Buy-out</subfield>
            <subfield code="9">(DE-588)4078600-6</subfield>
          </datafield>
          <datafield tag="PSW" ind1="-" ind2="1">
            <subfield code="s">Buyout</subfield>
            <subfield code="9">(DE-588)4078600-6</subfield>
          </datafield>
          <datafield tag="PSW" ind1="-" ind2="1">
            <subfield code="s">Corporate buyout</subfield>
            <subfield code="9">(DE-588)4078600-6</subfield>
          </datafield>
          <datafield tag="PSW" ind1="-" ind2="1">
            <subfield code="s">Ausländische Investition</subfield>
            <subfield code="9">(DE-588)4003772-1</subfield>
          </datafield>
          <datafield tag="PSW" ind1="-" ind2="1">
            <subfield code="s">Ausländer</subfield>
            <subfield code="x">Investition</subfield>
            <subfield code="9">(DE-588)4003772-1</subfield>
          </datafield>
          <datafield tag="PSW" ind1="-" ind2="1">
            <subfield code="s">Investition</subfield>
            <subfield code="x">Ausland</subfield>
            <subfield code="9">(DE-588)4003772-1</subfield>
          </datafield>
          <datafield tag="PSW" ind1="-" ind2="1">
            <subfield code="s">Staatliche Aufsicht</subfield>
            <subfield code="9">(DE-588)4056636-5</subfield>
          </datafield>
          <datafield tag="PSW" ind1="-" ind2="1">
            <subfield code="s">Staatliche Kontrolle</subfield>
            <subfield code="h">Staatsaufsicht</subfield>
            <subfield code="9">(DE-588)4056636-5</subfield>
          </datafield>
          <datafield tag="700" ind1=" " ind2=" ">
            <subfield code="a">PIL</subfield>
          </datafield>
          <datafield tag="OWN" ind1=" " ind2=" ">
            <subfield code="a">P0001</subfield>
            <subfield code="n">466 - Paderborn: UB</subfield>
          </datafield>
          <datafield tag="655" ind1=" " ind2=" ">
            <subfield code="y">'Ökonomischer Patriotismus' in Zeiten regionaler und internationaler Integration</subfield>
            <subfield code="t">VIEW</subfield>
            <subfield code="u">http://digitool.hbz-nrw.de:1801/webclient/DeliveryManager?pid=4277044&amp;custom_att_2=simple_viewer</subfield>
          </datafield>
          <datafield tag="TXT" ind1=" " ind2=" ">
            <subfield code="a">TITEL: 'KONOMISCHER PATRIOTISMUS' IN ZEITEN REGIONALER UND INTERNATIONALER INTEGRATION AUTOR: HEINEMANN, ANDREAS JAHR: 2011 INHALT VORWORT I. PROBLEMSTELLUNG 1. DER BEGRIFF DES ,,OEKONOMISCHEN PATRIOTISMUS" 2. AUSLAENDISCHE STAATSFONDS 3. WIRTSCHAFTLICHE BEDEUTUNG DER DIREKTINVESTITIONEN 4. GANG DER DARSTELLUNG II. INSTITUTIONELLE GRUNDLAGEN 1. RECHTSLAGE IN EINZELNEN EU/EFTA-MITGLIEDSTAATEN A) FRANKREICH B) SPANIEN UND ITALIEN C) DEUTSCHLAND D) VEREINIGTES KOENIGREICH E) MITTEL- UND OSTEUROPA F) SCHWEIZ 2. AUSGEWAEHLTE ANDERE STAATEN A) USA B) KANADA C) JAPAN D) RUSSISCHE FOEDERATION E) VOLKSREPUBLIK CHINA 3. ANSATZPUNKTE VON INVESTITIONSKONTROLLREGELN 4. FAKTISCHE INTERVENTIONEN III. INTERNATIONALES WIRTSCHAFTSRECHT 1. ALLGEMEINES WIRTSCHAFTSVOELKERRECHT 2. BILATERALE VERTRAEGE 3. MULTI- UND PLURILATERAL VERTRAEGE 9 11 11 13 13 14 15 15 15 17 19 23 24 25 28 28 31 33 34 35 37 38 39 39 40 44 BIBLIOGRAFISCHE INFORMATIONEN HTTP://D-NB.INFO/1010117424 DIGITALISIERT DURCH 6 INHALT A) OECD B) WTO C) MULTILATERAL AGREEMENT ON INVESTMENT (MAI) D) ENERGIECHARTA 4. REGIONALE VERTRAEGE OHNE EU 5. FAZIT IV. EUROPAEISCHES WIRTSCHAFTSRECHT 1. FREIER KAPITALVERKEHR A) REGELUNGSGRUNDSAETZE B) VERHAELTNIS DER KAPITALVERKEHRS- ZUR NIEDERLASSUNGSUND DIENSTLEISTUNGSFREIHEIT C) GEWAEHRLEISTUNG IM VERHAELTNIS ZU DRITTSTAATEN D) BESCHRAENKUNG DER KAPITALVERKEHRSFREIHEIT E) RECHTFERTIGUNGSGRUENDE F) VORGABEN DES LISSABONNER VERTRAGS G) ANMELDE- UND GENEHMIGUNGSERFORDERNISSE H) ,,GOLDENE AKTIEN" I) VW-GESETZ J) SPIELRAUM FUER STAATLICHE MASSNAHMEN ZUR UEBERNAHMEABWEHR K) KONSEQUENZEN FUER DEN NATIONALEN GESETZGEBER AA) FRANKREICH BB) DEUTSCHLAND 2. NIEDERLASSUNGS- UND DIENSTLEISTUNGSFREIHEIT SOWIE DAS DISKRIMINIERUNGSVERBOT 3. FUSIONSKONTROLLRECHT 4. GESELLSCHAFTS- UND KAPITALMARKTRECHTLICHES UEBERNAHMERECHT A) VINKULIERTE NAMENSAKTIEN B) STIMMBINDUNGS-/AKTIONAERSBINDUNGSVERTRAEGE C) KAPITALMARKTRECHT D) FAZIT 5. EWR/EFTA 6. FOLGERUNGEN</subfield>
          </datafield>
          <datafield tag="TXT" ind1=" " ind2=" ">
            <subfield code="a">44 46 48 49 50 51 52 52 53 54 55 58 60 63 64 65 68 70 72 72 73 75 76 78 79 79 80 82 84 85 INHALT V. OEKONOMISCHE ANALYSE STAATLICHER INVESTITIONSKONTROLLE 1. VOLKSWIRTSCHAFTLICHER AUSGANGSPUNKT 2. ZIELE VON UNTERNEHMENSUEBERNAHMEN 3. ZIELE DER UEBERNAHMEABWEHR 4. WIRKUNGEN EINER UNTERNEHMENSUEBERNAHME 5. VORBEHALT ZUGUNSTEN STRATEGISCH WICHTIGER SEKTOREN? A) ENERGIESEKTOR B) ANDERE SEKTOREN C) NATIONALE SICHERHEIT D) GRUNDEIGENTUM UND NATUERLICHE RESSOURCEN E) ARBEITSMARKTPOLITIK 6. STAATSFONDS UND STAATSUNTERNEHMEN A) AUSGANGSLAGE B) SANTIAGO PRINCIPLES C) OECD D) EU E) BEWERTUNG 7. REZIPROZITAET? 8. TATSAECHLICHE BESTIMMUNGSGRUENDE FUER REGULIERUNG 9. REFORMBEDARF VI. AUSBLICK 1. GEFAHR DES PROTEKTIONISMUS 2. VERBESSERUNG DES INTERNATIONALEN REGELWERKS LITERATURVERZEICHNIS REGISTER 7 86 86 87 88 89 91 91 94 94 95 95 96 96 97 97 98 99 101 102 105 107 107 108 111 121</subfield>
          </datafield>
          <datafield tag="PLK" ind1=" " ind2=" ">
            <subfield code="a">SRU</subfield>
            <subfield code="l">PAD01</subfield>
            <subfield code="b">000757529</subfield>
            <subfield code="m">175.^'Ökonomischer Patriotismus' in Zeiten regionaler und internationaler Integration.^2011</subfield>
            <subfield code="n">Beiträge zur Ordnungstheorie und Ordnungspolitik.^1997</subfield>
          </datafield>
          <datafield tag="LOC" ind1=" " ind2=" ">
            <subfield code="m">BOOK</subfield>
            <subfield code="a">P0001</subfield>
            <subfield code="b">31</subfield>
            <subfield code="d">PIL1571-175</subfield>
            <subfield code="i">2011/487</subfield>
            <subfield code="n">20</subfield>
            <subfield code="k">20110830</subfield>
            <subfield code="5">1422210-10</subfield>
          </datafield>
        </record>
      </metadata>
    </record>
  </ListRecords>
</OAI-PMH>
